% Encoding: UTF-8
@ARTICLE{Kormendy2004,
       author = {{Kormendy}, John and {Kennicutt}, Jr., Robert C.},
        title = "{Secular Evolution and the Formation of Pseudobulges in Disk Galaxies}",
      journal = {\araa},
     keywords = {Astrophysics},
         year = 2004,
        month = sep,
       volume = {42},
       number = {1},
        pages = {603-683},
          doi = {10.1146/annurev.astro.42.053102.134024},
archivePrefix = {arXiv},
       eprint = {astro-ph/0407343},
 primaryClass = {astro-ph},
       adsurl = {https://ui.adsabs.harvard.edu/abs/2004ARA&A..42..603K},
      adsnote = {Provided by the SAO/NASA Astrophysics Data System}
}

@ARTICLE{Sandage2005,
       author = {{Sandage}, Allan},
        title = "{The Classification of Galaxies: Early History and Ongoing Developments}",
      journal = {\araa},
         year = 2005,
        month = sep,
       volume = {43},
       number = {1},
        pages = {581-624},
          doi = {10.1146/annurev.astro.43.112904.104839},
       adsurl = {https://ui.adsabs.harvard.edu/abs/2005ARA&A..43..581S},
      adsnote = {Provided by the SAO/NASA Astrophysics Data System}
}

@book{mo2010,
  title={Galaxy formation and evolution},
  author={Mo, Houjun and Van den Bosch, Frank and White, Simon},
  year={2010},
  publisher={Cambridge University Press}
}









